@article{ios8-privacy,
author = {Oliver, Sam},
title = {MAC address randomization joins Apple's heap of iOS 8 privacy improvements},
journal = {Apple Insider},
month = jun,
year = {2014},
url = {http://appleinsider.com/articles/14/06/09/mac-address-randomization-joins-apples-heap-of-ios-8-privacy-improvements}
}
