
@electronic{ios8_overview,
	title = {Apple - {iOS} 8 - Overview},
	url = "http://www.apple.com/ios/ios8/?cid=wwa-us-kwg-features-com",
	note = "[Accessed 2014-07-13]",
	year = {2014},
	file = {Apple - iOS 8 - Overview:/home/daniel/.mozilla/firefox/je69jqfj.default/zotero/storage/4W2QUI54/ios8.html:text/html}
}

@electronic{iphone_ownership,
	title = {Apple's {iPhone} now represents 42\% of smartphones owned in the {US} - {NPD}},
	author = {Hughes, Neil},
	url = "http://appleinsider.com/articles/14/01/16/apples-iphone-now-represents-42-of-smartphones-owned-in-the-us---npd",
	note = "[Accessed 2014-07-13]",
	year = {2014},
	file = {Apple's iPhone now represents 42\% of smartphones owned in the US - NPD:/home/daniel/.mozilla/firefox/je69jqfj.default/zotero/storage/JAISHVDR/apples-iphone-now-represents-42-of-smartphones-owned-in-the-us---npd.html:text/html}
}

@electronic{ios8_privacy,
	title = {{MAC} address randomization joins Apple's heap of {iOS} 8 privacy improvements},
	author = {Oliver, Sam},
	url = "http://appleinsider.com/articles/14/06/09/mac-address-randomization-joins-apples-heap-of-ios-8-privacy-improvements",
	note = "[Accessed 2014-07-12]",
	year = {2014},
	file = {MAC address randomization joins Apple's heap of iOS 8 privacy improvements:/home/daniel/.mozilla/firefox/je69jqfj.default/zotero/storage/4TNHFBQ8/mac-address-randomization-joins-apples-heap-of-ios-8-privacy-improvements.html:text/html}
}
@electronic{tcpdump,
	title = {TCPDump Documentation},
	author = {Jacobson, Van and Leres, Craig and McCanne, Steven},
	url = "http://www.tcpdump.org/manpages/tcpdump.1.html#lbAI",
	note = "[Accessed 2014-07-11]",
	year = {2014}
}
@electronic{busroutes,
	title = {Rutgers Campus Buses},
	author = {Rutgers Department of Transportation},
	url = "http://rudots.rutgers.edu/campusbuses.shtml",
	note = "[Accessed 2014-07-19]",
	year = {2014}
}
@electronic{nextbus,
	title = {NextBus Rutgers University},
	url = "http://www.nextbus.com/predictor/stopSelector.jsp?a=rutgers",
	note = "[Accessed 2014-07-19]",
	year = {2014}
}
@electronic{json,
	title = {Introducing JSON},
	url = "http://json.org/",
	note = "[Accessed 2014-07-19]",
	year = {2013}
}
@electronic{numpy,
	title = {NumPy},
	author = {Oliphant, Travis},
	url = "http://www.numpy.org/",
	note = "[Accessed 2014-07-19]",
	year = {2014}
}
@electronic{pandas,
	title = {Python Data Analysis Library},
	url = "http://pandas.pydata.org/",
	note = "[Accessed 2014-07-19]",
	year = {2014}
}
@electronic{matplotlib,
	title = {Matplotlib},
	author = {Hunter, John and Dale, Darren and Firing, Eric and Droettboom, Michael},
	url = "http://matplotlib.org/",
	note = "[Accessed 2014-07-19]",
	year = {2013}
}
